





@inbook{doi:10.2514/6.2015-2460,
author = {Ze Jia Zhang and Karthikeyan Duraisamy},
title = {Machine Learning Methods for Data-Driven Turbulence Modeling},
booktitle = {22nd AIAA Computational Fluid Dynamics Conference},
chapter = {},
pages = {},
doi = {10.2514/6.2015-2460},
URL = {https://arc.aiaa.org/doi/abs/10.2514/6.2015-2460},
eprint = {https://arc.aiaa.org/doi/pdf/10.2514/6.2015-2460}
}
