@article{metalearning,
      title={Meta-Learning for Airflow Simulations with Graph Neural Networks}, 
      author={Wenzhuo Liu and Mouadh Yagoubi and Marc Schoenauer},
      year={2023},
      eprint={2306.10624},
      archivePrefix={arXiv},
      primaryClass={cs.LG}
}
@article{PIGNN,
title = {PIGNN-CFD: A physics-informed graph neural network for rapid predicting urban wind field defined on unstructured mesh},
journal = {Building and Environment},
volume = {232},
pages = {110056},
year = {2023},
issn = {0360-1323},
doi = {https://doi.org/10.1016/j.buildenv.2023.110056},
url = {https://www.sciencedirect.com/science/article/pii/S0360132323000835},
author = {Xuqiang Shao and Zhijian Liu and Siqi Zhang and Zijia Zhao and Chenxing Hu}
}

@article{doi:10.1146/annurev-fluid-010719-060214,
author = {Brunton, Steven L. and Noack, Bernd R. and Koumoutsakos, Petros},
title = {Machine Learning for Fluid Mechanics},
journal = {Annual Review of Fluid Mechanics},
volume = {52},
number = {1},
pages = {477-508},
year = {2020},
doi = {10.1146/annurev-fluid-010719-060214},

URL = { 
    
        https://doi.org/10.1146/annurev-fluid-010719-060214
    
    

}}


		
